<record><leader>00000cas a2200000 a 4500</leader><controlfield tag="001">46872566</controlfield><controlfield tag="008">010504u1973uuuunjuuu ne      0    0eng c</controlfield><datafield ind1=" " ind2=" " tag="010"><subfield code="a">sn2001062012</subfield></datafield><datafield ind1=" " ind2=" " tag="040"><subfield code="a">NYS</subfield><subfield code="b">eng</subfield><subfield code="c">NYS</subfield><subfield code="d">OCLCQ</subfield><subfield code="d">OCLCF</subfield><subfield code="d">OCLCO</subfield></datafield><datafield ind1="1" ind2=" " tag="029"><subfield code="a">AU@</subfield><subfield code="b">000022694247</subfield></datafield><datafield ind1=" " ind2=" " tag="042"><subfield code="a">pcc</subfield></datafield><datafield ind1=" " ind2=" " tag="043"><subfield code="a">n-us-nj</subfield></datafield><datafield ind1="0" ind2=" " tag="130"><subfield code="a">People's voice (Edison, N.J.)</subfield></datafield><datafield ind1="1" ind2="0" tag="245"><subfield code="a">People's voice.</subfield></datafield><datafield ind1=" " ind2=" " tag="260"><subfield code="a">Edison, N.J. :</subfield><subfield code="b">American Workers Organization (Marxist-Leninist)</subfield></datafield><datafield ind1=" " ind2=" " tag="300"><subfield code="a">v. ;</subfield><subfield code="c">50 cm.</subfield></datafield><datafield ind1="1" ind2=" " tag="362"><subfield code="a">Began in 1973.</subfield></datafield><datafield ind1=" " ind2=" " tag="588"><subfield code="a">Description based on: Vol. 1, no. 8 (Oct. 1973).</subfield></datafield><datafield ind1=" " ind2=" " tag="588"><subfield code="a">Latest issue consulted: Vol. 1, no. 8 (Oct. 1973).</subfield></datafield><datafield ind1=" " ind2="0" tag="651"><subfield code="a">Edison (N.J. : Township)</subfield><subfield code="v">Newspapers.</subfield></datafield><datafield ind1=" " ind2="0" tag="651"><subfield code="a">Middlesex (N.J.)</subfield><subfield code="v">Newspapers.</subfield></datafield><datafield ind1=" " ind2="7" tag="655"><subfield code="a">Newspapers.</subfield><subfield code="2">fast</subfield><subfield code="0">(OCoLC)fst01423814</subfield></datafield><datafield ind1=" " ind2="7" tag="651"><subfield code="a">New Jersey</subfield><subfield code="z">Edison (Township)</subfield><subfield code="2">fast</subfield><subfield code="0">(OCoLC)fst01330530</subfield></datafield><datafield ind1=" " ind2="7" tag="651"><subfield code="a">New Jersey</subfield><subfield code="z">Middlesex.</subfield><subfield code="2">fast</subfield><subfield code="0">(OCoLC)fst01232807</subfield></datafield><datafield ind1="2" ind2=" " tag="710"><subfield code="a">American Workers Organization (Marxist-Leninist)</subfield></datafield><datafield ind1=" " ind2=" " tag="752"><subfield code="a">United States</subfield><subfield code="b">New Jersey</subfield><subfield code="c">Middlesex</subfield><subfield code="d">Edison.</subfield></datafield></record>